@manual{sample,
  author = {TU Dortmund},
  title = {V51 - VSchaltungen mit Operationsverstärkern},
  year = 2021
}

@BOOK{federau,
  author =       {Joachim Federau},
  TITLE =        {Operationsverstärker},
  PUBLISHER =    {Springer Vieweg},
  YEAR =         {2017},
  address =      {Wiesbaden},
  edition =      {7},
}

@online{hs-fulda,
title = "Der Operationsverstärker",
url = "https://www2.hs-fulda.de/~pfisterer/mt/mt8.pdf",
urldate = "2021-10-26",
}

@BOOK{elektrotechnik,
  author =       {Horst Clausert, Gunther Wiesemann, Ludwig Brabetz, Oliver Haas und Christian Spieker},
  TITLE =        {Grundgebiete der Elektrotechnik 1},
  PUBLISHER =    {De Gruyter Studium},
  YEAR =         {2014},
  address =      {Oldenbourg},
  edition =      {12},
}

@online{muenster,
title = "Operationsverstärker",
url = "https://www.uni-muenster.de/Physik.AP/Veranstaltungen/F-Praktikum/anleitungen/Operationsverstaerker.pdf",
urldate = "2021-10-26",
}

@online{osnabrueck,
title = "Operationsverstärker",
url = "https://www.betzler.physik.uni-osnabrueck.de/Manuskripte/Elektronik-Praktikum/p2/opamp.pdf",
urldate = "2021-10-26",
}
