@online{ViskositÃ¤t_Wasser,
title = "Eigenschaften des Wassers",
url = "https://de.wikipedia.org/wiki/Eigenschaften_des_Wassers",
urldate = "2021-12-19",
}