@manual{sample,
  author = {TU Dortmund},
  title = {Versuch zum Literaturverzeichnis},
  year = 2014
}

@BOOK{großforschung,
  author =       {Helmut Satz and Philippe Blanchard},
  TITLE =        {Großforschung in neuen Dimensionen},
  PUBLISHER =    {Springer Spektrum},
  YEAR =         {2016},
  address =      {Berlin, Heidelberg},
  edition =      {1},
}

@BOOK{grupen,
  author =       {Claus Grupen},
  TITLE =        {Einstieg in die Astroteilchenphysik},
  PUBLISHER =    {Springer Spektrum},
  YEAR =         {2018},
  address =      {Berlin, Heidelberg},
  edition =      {2},
}
