@manual{sample,
  author = {TU Dortmund},
  title = {Anleitung zum Versuch V65 - Interferometrie},
  year = 2022
}

@BOOK{demtroeder,
  author =       {Wolfgang Demtroeder},
  TITLE =        {Experimentalphysik 2},
  PUBLISHER =    {Springer Spektrum},
  YEAR =         {2017},
  address =      {Berlin},
  edition =      {7},
}


@BOOK{hecht,
  author =       {Eugene Hecht},
  TITLE =        {Optik},
  PUBLISHER =    {De Gruyter Studium},
  YEAR =         {2018},
  address =      {Berlin/Boston},
  edition =      {7},
}
