@manual{sample,
  author = {TU Dortmund},
  title = {Versuch zum Literaturverzeichnis},
  year = 2014
}

@BOOK{demtroeder_3,
  author =       {Wolfgang Demtroeder},
  TITLE =        {Experimentalphysik 3},
  PUBLISHER =    {Springer Spektrum},
  YEAR =         {2016},
  address =      {Berlin, Heidelberg},
  edition =      {5}
}

@BOOK{gil,
  author =       {Gordon R. Gilmore},
  TITLE =        {Practical Gamma-ray sprectrometry},
  PUBLISHER =    {John Wiley and Sons},
  YEAR =         {2008},
  address =      {West Sussex},
  edition =      {2},
}
@online{nist,
title = "Liste verschiedener Massenabschw√§chungskoeffizienten",
url = "https://physics.nist.gov/PhysRefData/Xcom/html/xcom1.html",
urldate = "2021-12-11",
}

@online{density,
title = "Liste verschiedener Dichten",
url = "https://bit.ly/3s4enrA",
urldate = "2021-12-11",
}
